# iPad things

@misc { objc:manual,
    title = "The Objective-C Programming Language",
    author = "{Apple Inc.}", 
    month = "July", 
    year = "2010", 
    howpublished = "\url{http://developer.apple.com/library/ios/documentation/Cocoa/Conceptual/ObjectiveC/ObjC.pdf}"
}

@misc { objc:blocks,
    title = {Blocks Programming Topics},
    author = {{Apple Inc.}},
    month = {March},
    year = {2011},
    howpublished = "\url{http://developer.apple.com/library/ios/documentation/cocoa/Conceptual/Blocks/Blocks.pdf}"
}

@misc { ios:application-programming-guide,
    title = "iOS Application Programming Guide",
    author = "{Apple, Inc.}",
    month = "November",
    year = "2010",
    howpublished = "\url{http://developer.apple.com/library/ios/#documentation/iPhone/Conceptual/iPhoneOSProgrammingGuide/CoreApplication/CoreApplication.html}"

}

@misc { ios:core-animation,
    title = "Core Animation Overview",
    author = "{Apple, Inc.}",
    month = "September",
    year = "2010",
    howpublished = "\url{http://developer.apple.com/library/mac/#featuredarticles/CoreAnimationOverview}"

}

# Graph interaction things

@incollection { graph-interaction:davinci,
    title = "Demonstration of the Interactive Graph Visualization System daVinci",
    author = "Michael Fr{\"o}hlich and Mattias Werner",
    booktitle = "Graph Drawing, DIMACS International Workshop GD’94",
    volume = "894",
    series = "Lecture Notes in Computer Science",
    publisher = "Princeton, USA",
    year = "1995",
    editor = "R. Tamassia and I. G. Tollis",
    note = "Springer Verlag"
}

@incollection { graph-interaction:guess,
    author = "E. Adar",
    title = "Guess: A Language and Interface for Graph Exploration",
    booktitle = "CHI '06: Proceedings of the SIGCHI Conference on Human Factors in Computing Systems",
    publisher = "ACM New York, NY, USA",
    pages = "791--800",
    isbn = "1-59593-372-7",
    year = "2006"
}

@incollection { graph-interaction:offscreen,
    author = "Mathias Frisch and Raimund Dachselt",
    title = "Off-screen Visualization Techniques for Class Diagrams",
    booktitle = "SOFTVIS '10: Proceedings of the 5th international symposium on Software visualization",
    isbn = "978-1-4503-0028-5",
    pages = "163--172",
    year = "2010",
    publisher = "ACM New York, NY, USA"
}

@article{ graph-interaction:complexity-management,
  author    = {Ugur Dogrus{\"o}z and Burkay Genc},
  title     = {A multi-graph approach to complexity management in interactive graph visualization},
  journal   = {Computers {\&} Graphics},
  volume    = {30},
  number    = {1},
  year      = {2006},
  pages     = {86--97},
  ee        = {http://dx.doi.org/10.1016/j.cag.2005.10.015},
  bibsource = {DBLP, http://dblp.uni-trier.de}
}

@incollection { graph-interaction:simultaneousgraphdrawing,
   author = {Kobourov, Stephen G. and Pitta, Chandan},
   affiliation = {Department of Computer Science, University of Arizona},
   title = {An Interactive Multi-user System for Simultaneous Graph Drawing},
   booktitle = {Graph Drawing},
   series = {Lecture Notes in Computer Science},
   editor = {Pach, János},
   publisher = {Springer Berlin / Heidelberg},
   isbn = {},
   pages = {492--501},
   volume = {3383},
   url = {http://dx.doi.org/10.1007/978-3-540-31843-9_51},
   year = {2005}
}

# Multitouch interface things

@incollection { multitouch:gestures,
    title = "Investigating Multi-Touch and Pen Gestures for Diagram Editing on Interactive Surfaces",
    author = "M. Frisch, J. Heydekorn and R. Dachselt",
    booktitle = "Proc. of IST '09",
    pages = "167--174",
    year = 2009
}

@inproceedings{multitouch:tiny-select,
    author = {Benko, Hrvoje and Wilson, Andrew D. and Baudisch, Patrick},
    title = {Precise selection techniques for multi-touch screens},
    booktitle = {Proceedings of the SIGCHI conference on Human Factors in computing systems},
    series = {CHI '06},
    year = {2006},
    isbn = {1-59593-372-7},
    location = {Montr\&\#233;al, Qu\&\#233;bec, Canada},
    pages = {1263--1272},
    numpages = {10},
    url = {http://doi.acm.org/10.1145/1124772.1124963},
    doi = {http://doi.acm.org/10.1145/1124772.1124963},
    acmid = {1124963},
    publisher = {ACM},
    address = {New York, NY, USA},
    keywords = {bi-manual, interaction techniques, precise target acquisition, tabletop displays, touch screens, two-finger},
}

# biology things

@book { mb-for-cs,
    title = {Artificial Intelligence and Molecular Biology},
    author = {Lawrence E. Hunter},
    month = {March},
    year = {1993},
    publisher = {AAAI Press}
}

# database things

@article{ enzyme-database,
    author    = {Amos Bairoch},
    institution = {Swiss Institute of Bioinformatics},
    title     = {The {ENZYME} Database in 2000},
    journal   = {Nucleic Acid Research},
    volume    = {28},
    number    = {1},
    year      = {2000},
    pages     = {304--305},
}

@misc{ pathcase-basic,
    author = {{Database and Bioinformatics Laboratory at Case Western Reserve University}},
    institution = {Case Western Reserve University},
    title = {{PathCase}},
    month = {August},
    year = {2011},
    howpublished = "\url{http://nashua.case.edu/pathwaysweb/}"
}

@article{ pathcase-paper,
    title = {{PathCase}: Pathways Database System},
    journal = {Databases and Ontologies},
    author = {B. Elliott and M. Kirac and A. Cakmak and G. Yavas and S. Mayes and E. Cheng and Y. Wang and C. Gupta and G. \"{O}zsoyo\u{g}lu and Z.M. \"{O}zsoyo\u{g}lu},
    year = {2007},
    publisher = {Oxford University Press},
}

@article{ smda-basic,
  author    = {Ali Cakmak and Xinjian Qi and A. Ercument Cicek and Ilya Bederman and Leigh Henderson and Mitchell Drumm and Gultekin \"{O}zsoyo\u{g}lu},
  title     = {A New Metabolomics Analysis Technique: Steady-State Metabolic Network Dynamics Analysis},
  journal   = {Journal of Bioinformatics and Computational Biology},
  year      = {2011}
}

@book{ Michal-1999,
    editor = {Gerhard Michal},
    year = {1999},
    title = {Biochemical Pathways: An Atlas of Biochemistry and Molecular Biology},
    publisher = {Spektrum Akademischer Verlag},
    location = {Heidelberg},
}

@book{ Berge-1973,
    author = {Claude Berge},
    year = {1973},
    title = {Graphs and Hypergraphs},
    publisher = {North-Holland},
    location = {Amsterdam}
}

@misc{ BioPAX,
    author = {{BioPAX Working Group}},
    year = {2005},
    title = {{BioPAX} - Biological Pathways Exchange Language Level 2, Version 1.0 Documentation},
    howpublished =
    "\url{http://www.biopax.org/release/biopax-level2-documentation.pdf}"
}

@misc{ enzyme:enzuser,
    title = {The {ENZYME} Nomenclature Database User Manual},
    year = {2011},
    month = {November},
    author = {Amos Bairoch and Kristian Axelsen},
    howpublished = "\url{http://enzyme.expasy.org/enzuser.txt}"
}

@misc{ sqlite:main,
    author = {{SQLite Team}},
    title = {About {SQLite}},
    year = {2011},
    month = {November},
    howpublished = "\url{http://www.sqlite.org/about.html}"
}

@article{ kegg-basic,
    author = {Minoru Kanehisa and Susumu Goto and Shuichi Kawashima and Akihiro Nakaya},
    title = {The {KEGG} databases at {GenomeNet}},
    year = {2002},
    institution = {Bioinformatics Center, Institute for Chemical Research, Kyoto University, Uji, Kyoto},
    journal = {Nucleic Acids Research},
    volume = {30},
    pages = {42--46},
    number = {1}
}
