@Article{ PQ,
	author = {Nikolaus Augsten and Michael B{\"o}hlen and Johann Gamper},
	title = "The pq-gram distance between ordered labeled trees",
	journal = "ACM Trans. Database Syst.",
	volume = "35",
	number = "1",
	year = "2010",
	issn = "0362-5915",
	pages = "1--36",
	doi = "http://doi.acm.org/10.1145/1670243.1670247",
	publisher = "ACM",
	address = "New York, NY, USA"
}

@Misc{ CWE,
	title = "Common Weakness Enumeration",
	howpublished = "\url{http://cwe.mitre.org/about/documents.html}"
}

@Article{ FaultModels,
	author = "Carol Masuck and Jim Alves-Foss and Paul Oman",
	title = "Analysis of fault models for student use",
	journal = "SIGCSE Bull.",
	volume = "40",
	number = "2",
	year = "2008",
	issn = "0097-8418",
	pages = "79--83",
	doi = "http://doi.acm.org/10.1145/1383602.1383640",
	publisher = "ACM",
	address = "New York, NY, USA"
}

@InProceedings{ FaultClassification,
	author = "Yuepu Guo and Sreedevi Sampath",
	title = "Web application fault classification - an exploratory study",
	booktitle = "ESEM '08: Proceedings of the Second ACM-IEEE international symposium on Empirical software engineering and measurement",
	year = "2008",
	isbn = "978-1-59593-971-5",
	pages = "303--305",
	location = "Kaiserslautern, Germany",
	doi = "http://doi.acm.org/10.1145/1414004.1414060",
	publisher = "ACM",
	address = "New York, NY, USA"
}

@Article{ SoftwareMetrics,
	author = "Barbara Kitchenham",
	title = "What's up with software metrics? - A preliminary mapping study",
	journal = "J. Syst. Softw.",
	volume = "83",
	number = "1",
	year = "2010",
	issn = "0164-1212",
	pages = "37--51",
	doi = "http://dx.doi.org/10.1016/j.jss.2009.06.041",
	publisher = "Elsevier Science Inc.",
	address = "New York, NY, USA"
}

@Article{ FaultCategorization,
	author = "Jan Ploski and Matthias Rohr and Peter Schwenkenberg and Wilhelm Hasselbring",
	title = "Research issues in software fault categorization",
	journal = "SIGSOFT Softw. Eng. Notes",
	volume = "32",
	number = "6",
	year = "2007",
	issn = "0163-5948",
	pages = "6",
	doi = "http://doi.acm.org/10.1145/1317471.1317478",
	publisher = "ACM",
	address = "New York, NY, USA"
}

@Article{ NeglectedConditions,
    author = "Ray-Yaung Chang, Andy Podgurski and Jiong Yang",
    title = "Discovering Neglected Conditions in Software by Mining Dependence Graphs",
    journal = "IEEE Transactions on Software Engineering",
    year = "2008",
    pages = "20",
    publisher = "IEEE"
}

@Article{ PropagatingFixes,
    author = "Boya Sun and Gang Shu and Andy Podgurski and Shirong Li and Shijie Zhang and Jiong Yang",
    title = "Propagating Bug Fixes with Fast Subgraph Matching",
    pages = "10"
}

@Article{ BipartiteMatching,
    author = "Kaspar Riesen, Michel Neuhaus and Horst Bunke",
    title = "Bipartite Graph Matching for Computing the Edit Distance of Graphs",
    pages = "11"
}

@book{  SoftwareSecurity,
    author    = "Gary McGraw",
    title     = "Software Security: Building Security In",
    publisher = "Addison-Wesley",
    year      = "2006",
    address   = "Boston, Massachusetts"
}

@Article{ BLP,
   author = "Derek Justice and Alfred Hero",
   title = "A Binary Linear Programming Formulation of the Graph Edit Distance",
   pages = "33"
}

@article{ zss,
      author="Kaizhong Zhang and Dennis Shasha",
      title="Simple Fast Algorithms for the Editing Distance between Trees and Related Problems",
      journal="SIAM Journal on Computing",
      volume="18",
      number="6",
      year="1989",
      pages="1245--1262"
}